%% Misiones semejantes

@misc{eoportal_oco2_2024,
  author       = {{European Space Agency}},
  title        = {{OCO-2 (Orbiting Carbon Observatory-2) - eoPortal}},
  howpublished = {\url{https://www.eoportal.org/satellite-missions/oco-2}},
  year         = {2024},
  note         = {Ãšltima actualizacion: 15 de octubre de 2024}
}
@misc{nasa_jpl_oco2_artist_concept_2014,
  author       = {{NASA/JPL-Caltech}},
  title        = {{Orbiting Carbon Observatory-2 (Artist's Concept)}},
  howpublished = {\url{https://photojournal.jpl.nasa.gov/catalog/PIA18610}},
  year         = {2014},
  month        = {jul},
  note         = {Ilustracion artistica del satelite OCO-2 en orbita terrestre. Credito de la imagen: NASA/JPL-Caltech.}
}

@misc{jaxa_gosat,
  title = {GOSAT Project},
  author = {{Japan Aerospace Exploration Agency}},
  year = {2021},
  url = {https://earth.jaxa.jp/en/research/projects/gosat/index.html},
  note = {Consultado: 2025}
}

@article{gogoi2023gosat,
  title = {The Greenhouse gas Observations of Biospheric and Local Emissions from the Upper sky (GOBLEU): a mission overview, instrument description, and results from the first flight},
  author = {Gogoi, Mukunda M. and others},
  journal = {Carbon Balance and Management},
  volume = {19},
  number = {1},
  pages = {1--25},
  year = {2024},
  publisher = {BioMed Central},
  doi = {10.1186/s13021-024-00273-1}
}

@misc{jaxa_gosat_representation,
  title = {GOSAT Series - ESA Earth Online},
  author = {{European Space Agency}},
  year = {2022},
  url = {https://earth.esa.int/eogateway/missions/gos-1},
  note = {Consultado: 2025}
}

@misc{CO2M,
  title = {CO2M - SentiWiki - Copernicus},
  author = {{European Space Agency}},
  year = {2025},
  url = {https://sentiwiki.copernicus.eu/web/co2m},
  note = {Consultado: 2025}
}

@inproceedings{CO2M_progress,
  title = {Progress on the development of the Copernicus CO2M mission},
  author = {Meijer, Yasjka and others},
  booktitle = {Proc. SPIE},
  volume = {13192},
  pages = {3033794},
  year = {2024},
  organization = {SPIE},
  doi = {10.1117/12.3033794}
}

@misc{tansat,
  title = {China Focus: TanSat satellite detects, reports human-caused carbon dioxide emissions},
  author = {{Xinhua News Agency}},
  year = {2022},
  url = {https://english.news.cn/20221025/a8fecde2ddf747aa924562944fe656cf/c.html},
  note = {Consultado: 2025}
}

@misc{eoportal_tansat,
  title = {TanSat - eoPortal},
  author = {{Earth Observation Portal}},
  year = {2024},
  url = {https://www.eoportal.org/satellite-missions/tansat},
  note = {Consultado: 2025}
}

@misc{futura_microcarb,
  title = {Airbus delivers MicroCarb instrument, the first European mission to measure CO2 globally},
  author = {{Airbus}},
  year = {2022},
  url = {https://www.airbus.com/en/newsroom/stories/2022-12-airbus-delivers-microcarb-instrument-the-first-european-mission-to-measure},
  note = {Consultado: 2025}
}

@misc{eoportal_microcarb,
  title = {MicroCarb - CNES},
  author = {{Centre National d'etudes Spatiales}},
  year = {2025},
  url = {https://cnes.fr/en/projects/microcarb},
  note = {Consultado: 2025}
}

@misc{gosat_gw,
  title = {GHGSat Constellation - eoPortal},
  author = {{Earth Observation Portal}},
  year = {2024},
  url = {https://www.eoportal.org/satellite-missions/ghgsat-con},
  note = {Consultado: 2025}
}

@misc{wmo_ghgsat_spectrometer,
  title = {GHGSat Methane Data to Be Available in NASA's Commercial Smallsat Data Program},
  author = {{Satellite Today}},
  year = {2024},
  url = {https://www.satellitetoday.com/imagery-and-sensing/2024/07/31/ghgsat-methane-data-to-be-available-in-nasas-commercial-smallsat-data-program/},
  note = {Consultado: 2025}
}



%%%%%%%%%%%%%%%%%%%%%%%%%%%%%%% Conceptos Previos

@misc{rossiter2020gsd_comparison,
  author    = {Thomas Rossiter},
  title     = {Comparison of the multispectral ground sampling distance (GSD) from each of the three platforms},
  year      = {2020},
  howpublished = {Figure 4.2 in PhD thesis: Developing an integrated approach to seaweed resource assessment},
  url       = {https://www.researchgate.net/figure/Comparison-of-the-multispectral-ground-sampling-distance-GSD-from-each-of-the-three_fig15_363319656},
  note      = {UAV = 5 cm/pixel, aircraft = 60 cm/pixel, Satellite = 10 m/pixel}
}

@online{kitdeactores2025moire,
  title     = {En que afecta el efecto Moire a los actores?},
  author    = {{Kit de Actores}},
  url       = {https://kitdeactores.com/en-que-afecta-el-efecto-moire-a-los-actores/},
  urldate   = {2025-06-17},
  year      = {2025},
  language  = {spanish},
  note      = {Guia sobre el efecto moire en actuacion y cinematografia}
}


@misc{wikipedia2025snr_demonstration,
  title     = {SNR image demonstration},
  author    = {{Wikipedia contributors}},
  year      = {2025},
  url       = {https://en.wikipedia.org/wiki/Signal-to-noise_ratio#/media/File:SNR_image_demonstration.png},
  urldate   = {2025-06-17},
  howpublished = {Image file from Wikipedia article on Signal-to-noise ratio},
  note      = {Demonstration of visual effects of different SNR levels in imaging}
}

@online{ccd_operation_diagram,
  title     = {CCD Operation and Charge Transfer Mechanism},
  author    = {{CCD Technology Reference}},
  year      = {2025},
  note      = {Cross-sectional diagram showing CCD pixel structure with three-phase electrode system (I1, i2, I3) and charge transfer process},
  keywords  = {CCD, charge-coupled device, charge transfer, photoelectron collection}
}


@online{pushbroom_sensor_diagram,
  title     = {Pushbroom Sensor Linear CCD Array Configuration},
  author    = {{Remote Sensing Technology Reference}},
  year      = {2025},
  note      = {Diagram showing pushbroom scanner with linear CCD array, optics, view plane, and swath coverage during spacecraft motion},
  keywords  = {pushbroom scanner, linear CCD, remote sensing, spacecraft motion, swath}
}


@online{entrance_pupil_diagram,
  title     = {Optical System Entrance Pupil Diagram},
  author    = {{Optical Engineering Resource}},
  year      = {2025},
  note      = {Diagram showing entrance pupil diameter, effective focal length, and f-number relationship in optical systems},
  keywords  = {optics, entrance pupil, focal length, aperture}
}


@online{STScI_MIRI_Filters,
  author    = {{Space Telescope Science Institute}},
  title     = {{MIRI Filters and Dispersers}},
  year      = {2024},
  url       = {https://jwst-docs.stsci.edu/jwst-mid-infrared-instrument/miri-instrumentation/miri-filters-and-dispersers},
  urldate   = {2025-06-07},
  note      = {Documentacion oficial del instrumento MIRI del JWST, cuya rueda de filtros se muestra en la imagen. La rueda aloja los filtros para imagen, los diafragmas para coronografia y el prisma para espectroscopia de baja resolucion.}
}

@online{EdmundOptics2023,
  author    = {{Edmund Optics}},
  title     = {Introduction to Modulation Transfer Function},
  year      = {2023},
  url       = {https://www.edmundoptics.es/knowledge-center/application-notes/optics/introduction-to-modulation-transfer-function/},
  urldate   = {2025-06-16}
}

@online{WikiLecturesSpectrum,
  author    = {Durant, Sinan},
  title     = {Electromagnetic spectrum - WikiLectures},
  url       = {https://www.wikilectures.eu/w/Electromagnetic_spectrum},
  note      = {El contenido hace referencia a conferencias de 2011},
  urldate   = {2025-06-16}
}

@online{WikiElementosOrbitales,
  author    = {{Wikipedia, la enciclopedia libre}},
  title     = {Elementos orbitales},
  year      = {2006},
  url       = {https://es.wikipedia.org/wiki/Elementos_orbitales},
  urldate   = {2025-06-16}
}



@online{Reeve2024BandPass,
  author  = {Reeve, III, Kenneth C.},
  title   = {{Understanding Active Band Pass Filter Circuits with Formulas}},
  year    = {2024},
  month   = {8},
  day     = {18},
  url     = {https://electronics-formulas.com/understanding-active-band-pass-filter-circuits-with-formulas/},
  urldate = {2025-06-07},
}

@misc{spaceacademy_orblife,
  author       = {{Space Academy}},
  title        = {Satellite Orbital Lifetimes},
  year         = {2017},
  url          = {https://www.spaceacademy.net.au/watch/debris/orblife.htm},
  note         = {Accedido el 2 de mayo de 2025}
}

@online{nist2025co2_spectrum,
  title     = {Carbon Dioxide Infrared Spectrum},
  author    = {{NIST Chemistry WebBook}},
  url       = {https://webbook.nist.gov/chemistry/},
  year      = {2025},
  urldate   = {2025-06-17},
  note      = {NIST Quantitative Infrared Database - CO2 transmittance spectrum},
  institution = {National Institute of Standards and Technology}
}


@online{whiskbroom_diagram,
  title     = {Whiskbroom Sensor Diagram},
  author    = {{Remote Sensing Educational Resource}},
  year      = {2025},
  note      = {Diagram showing whiskbroom scanner operation with rotating scan mirror, instantaneous field of view, and ground resolution cell},
  keywords  = {remote sensing, whiskbroom scanner, across-track scanner}
}

@inproceedings{tdi_sensor2017,
  title     = {High speed TDI embedded CCD in CMOS sensor},
  author    = {{SPIE Conference Proceedings}},
  booktitle = {Conference Proceedings of SPIE},
  volume    = {10562},
  year      = {2017},
  month     = {September},
  url       = {https://www.spiedigitallibrary.org/conference-proceedings-of-spie/10562/105622P/High-speed-TDI-embedded-CCD-in-CMOS-sensor/10.1117/12.2296149.full},
  note      = {TDI prototype sensor system-on-chip with 512x1024 pixel array}
}

@online{swath_fov_diagram,
  title     = {Swath and Field of View Diagram for Remote Sensing Systems},
  author    = {{Remote Sensing Educational Resource}},
  year      = {2025},
  note      = {Diagram showing relationship between linear array, lens system, individual detector, IFOV, FOV, IGFOV, and swath parameters},
  keywords  = {remote sensing, swath, field of view, IFOV, linear array, detector}
}



@online{cassegrain_telescope_diagram,
  title     = {Cassegrain Telescope Optical Configuration},
  author    = {{Classical Optics Reference}},
  year      = {2025},
  note      = {Ray diagram showing Cassegrain telescope with primary parabolic mirror, secondary hyperbolic mirror, and light path convergence},
  keywords  = {Cassegrain telescope, parabolic mirror, hyperbolic mirror, reflecting telescope}
}


@online{step_stare_system,
  title     = {Step-Stare Imaging System Configuration},
  author    = {{Aerospace Engineering Reference}},
  year      = {2025},
  note      = {Diagram showing step-stare operation with 3.5 degree FOV, FSI sample areas, and 14-second dwell times over 100 km distance},
  keywords  = {step-stare, imaging system, FSI, dwell time, spacecraft motion}
}


@online{refractor_reflector_comparison,
  title     = {Refractor vs Reflector Telescope Optical Diagram},
  author    = {{Optical Systems Reference}},
  year      = {2025},
  note      = {Comparative diagram showing light path differences between refracting and reflecting telescope designs},
  keywords  = {telescope, refractor, reflector, optics, light path}
}


@online{tma_telescope_diagram,
  title     = {Three Mirror Anastigmat (TMA) Telescope Cross Section},
  author    = {{Optical Engineering Reference}},
  year      = {2025},
  note      = {Cross-sectional diagram showing TMA telescope configuration with primary, secondary, and tertiary mirrors},
  keywords  = {TMA, three mirror anastigmat, telescope optics, anastigmatic design}
}
@online{korsch_telescope_system,
  title     = {Korsch Telescope Optical System Configuration},
  author    = {{Advanced Optical Systems Reference}},
  year      = {2025},
  note      = {Diagram showing Korsch telescope with flat mirror, four-mirror system (M1-M4), focal plane, and detector arrangement},
  keywords  = {Korsch telescope, four-mirror system, flat mirror, focal plane, detector}
}
@online{atmospheric_transmission_spectrum,
  title     = {Radiation Transmitted by the Atmosphere},
  author    = {{Atmospheric Physics Reference}},
  year      = {2025},

  keywords  = {atmospheric transmission, solar radiation, thermal radiation, spectral absorption, greenhouse gases}
}

@article{coatings2021_11_5_611_extended,
  title     = {[TÃ­tulo del artÃ­culo]},
  author    = {[Autores]},
  journal   = {Coatings},
  year      = {2021},
  month     = {mayo},
  volume    = {11},
  number    = {5},
  eid       = {611},
  pages     = {611},
  doi       = {10.3390/coatings11050611},
  url       = {https://www.mdpi.com/2079-6412/11/5/611},
  urldate   = {2025-06-17},
  issn      = {2079-6412},
  publisher = {MDPI AG},
  address   = {Basel, Switzerland},
  language  = {english},
  keywords  = {[palabras clave del artÃ­culo]},
  abstract  = {[resumen del artÃ­culo]},
  note      = {This article is an open access article distributed under the terms and conditions of the Creative Commons Attribution (CC BY) license}
}

@online{everyphotoncounts2025ingaas_spad,
  title     = {InGaAs/InP SPAD},
  author    = {{Every Photon Counts Research Group}},
  url       = {http://www.everyphotoncounts.com/device-ingaas.php},
  urldate   = {2025-06-17},
  year      = {2025},
  note      = {Single Photon Avalanche Diodes for near-infrared applications (1.0-1.7 um)},
  keywords  = {InGaAs, InP, SPAD, single photon detection, near-infrared, quantum optics}
}


%%%%%%%%%%%%%%%%%%%%%%%%%%%%%%%%%%%%%%%%%%%%%%%%%%%%%%%%%%%%%%%%% Instrumentacion
@article{Foadi2023DesigningCT,
  title={Designing Cassegrain Telescope System with Best Obscuration Ratio of Secondary Mirror},
  author={Raad Falih Hassan Foadi and Ahmed Kamil Ahmed},
  journal={Iraqi Journal of Science},
  year={2023},
  url={https://api.semanticscholar.org/CorpusID:267425188}
}

@article{li2020global,
  title={Global Revisit Interval Analysis of Landsat-8 -9 and Sentinel-2A},
  author={Li, Jian and Roy, David P.},
  journal={Remote Sensing},
  volume={12},
  number={22},
  pages={3699},
  year={2020},
  publisher={MDPI},
  doi={10.3390/rs12223699},
  url={https://pmc.ncbi.nlm.nih.gov/articles/PMC7699383/},
  note={AnÃ¡lisis detallado de los intervalos de revisita para Landsat-8/9 y Sentinel-2A/2B}
}

@online{copernicus2025sentinel,
  title={S2 Mission - SentiWiki},
  author={{Copernicus Programme}},
  organization={European Space Agency},
  year={2025},
  url={https://sentiwiki.copernicus.eu/web/s2-mission},
  urldate={2025-06-17},
  note={DocumentaciÃ³n oficial de la misiÃ³n Sentinel-2 con especificaciones tÃ©cnicas}
}

@inproceedings{neigh2023landsat,
  title={Landsat Next Mission Status and Overview},
  author={Neigh, Christopher S.R.},
  booktitle={Joint Satellite Workshop 2023},
  organization={NASA Goddard Space Flight Center},
  year={2023},
  url={https://cce-datasharing.gsfc.nasa.gov/files/conference_presentations/jsw2023/BDEC_presentations/DAY2/1450_Neigh.pdf},
  note={PresentaciÃ³n oficial sobre el estado y caracterÃ­sticas de la misiÃ³n Landsat Next}
}

@techreport{walker1991phase,
  title={A Phase-Based Approach to Satellite Constellation Analysis},
  author={Walker, J. G.},
  institution={Defense Technical Information Center},
  year={1991},
  number={ADA243548},
  url={https://apps.dtic.mil/sti/tr/pdf/ADA243548.pdf},
  note={Accedido: 17 de junio de 2025}
}
@inproceedings{nasa_sso_slots_2011,
  title = {Slot Architecture for Separating Satellites in Sun-Synchronous Orbits},
  author = {{NASA Ames Research Center}},
  booktitle = {AIAA SPACE 2011 Conference \& Exposition},
  number = {AIAA-2011-7184},
  year = {2011},
  month = {September},
  publisher = {American Institute of Aeronautics and Astronautics},
  url = {https://aviationsystems.arc.nasa.gov/publications/2011/AIAA-2011-7184.pdf}
}
@book{capper_mercury_2010,
  title = {Mercury Cadmium Telluride: Growth, Properties and Applications},
  author = {Capper, Peter and Garland, James},
  year = {2010},
  month = {September},
  publisher = {John Wiley \& Sons},
  isbn = {978-0-470-66946-4},
  doi = {10.1002/9780470669464},
  pages = {696},
  edition = {1st}
}

@book{henini_handbook_2002,
  title = {Handbook of Infrared Detection Technologies},
  author = {Henini, Mohamed},
  year = {2002},
  month = {December},
  publisher = {Elsevier},
  isbn = {978-1-85617-388-9},
  pages = {696}
}

@book{kaplan_optical_2011,
  title = {Optical Systems Engineering},
  author = {Kaplan, Herbert},
  year = {2011},
  publisher = {McGraw-Hill Education},
  isbn = {978-0-07-175440-8},
  pages = {464},
  edition = {1st},
  note = {CapÃ­tulo 6: Detectors and Focal Plane Arrays}
}

@misc{oco2_technical_specs_2024,
  title = {OCO-2 (Orbiting Carbon Observatory-2) Technical Specifications},
  author = {{NASA JPL}},
  year = {2024},
  url = {https://www.eoportal.org/satellite-missions/oco-2},
  note = {Technical documentation of OCO-2 spectral bands and measurement capabilities}
}

@book{macleod2010,
  title     = {Thin-Film Optical Filters},
  author    = {Macleod, H. Angus},
  edition   = {4},
  series    = {Series in Optics and Optoelectronics},
  publisher = {CRC Press},
  year      = {2010},
  isbn      = {978-1-4200-7302-7},
  address   = {Boca Raton, FL},
  pages     = {632}
}


@article{pmc_co2_absorption_2018,
  title = {Absorption coefficient of carbon dioxide across atmospheric troposphere layer},
  journal = {PMC Scientific Reports},
  year = {2018},
  month = {October},
  doi = {10.1038/s41598-018-33756-8},
  note = {Systematic study of CO2 absorption bands at 15, 4.3, 2.7, and 2 um}
}


@book{kuroda_essential_2014,
  title = {Essential Principles of Image Sensors},
  author = {Kuroda, Takao},
  year = {2014},
  publisher = {CRC Press},
  isbn = {978-1-4665-5635-1},
  edition = {1st},
  pages = {304},
  doi = {10.1201/b17411},
  note = {Traducido al inglÃ©s desde la versiÃ³n japonesa original}
}


@techreport{wilber_surface_1999,
  title = {Surface Emissivity Maps for Use in Retrievals of Longwave Radiation Satellite},
  author = {Wilber, Anne C. and Kratz, David P. and Gupta, Shashi K.},
  year = {1999},
  month = {August},
  institution = {NASA Langley Research Center},
  number = {NASA/TP-1999-209362},
  address = {Hampton, Virginia},
  url = {https://ntrs.nasa.gov/api/citations/19990100634/downloads/19990100634.pdf}
}


@inproceedings{gravrand_development_2017,
  title = {Development and characterisation of MCT detectors for space astrophysics at CEA},
  author = {Gravrand, O. and Rothman, J. and Cervera, C. and Baier, N. and Lobre, C. and Zanatta, J.P. and Boulade, O. and Moreau, V. and Fieque, B.},
  booktitle = {Proc. SPIE 10563, Image Sensing Technologies: Materials, Devices, Systems, and Applications IV},
  volume = {10563},
  pages = {105630T},
  year = {2017},
  month = {November},
  doi = {10.1117/12.2304252},
  publisher = {SPIE}
}


@book{skoog2017principles,
  title={Principles of Instrumental Analysis},
  author={Skoog, Douglas A. and Holler, F. James and Crouch, Stanley R.},
  edition={7th},
  year={2017},
  publisher={Cengage Learning},
  chapter={13},
  pages={339--365},
  note={Chapter on Optical Spectroscopy: Bandwidth considerations and signal-to-noise ratio}
}


@proceedings{ICSO2022,
  title        = {International Conference on Space Optics â€” ICSO 2022},
  booktitle    = {Proceedings of SPIE},
  volume       = {12777},
  year         = {2022},
  publisher    = {SPIE},
  location     = {Toulouse, France},
  eventdate    = {2022-10-03/2022-10-07},
}

@article{YadidPecht2000,
  author    = {Orly Yadid-Pecht},
  title     = {Geometrical modulation transfer function for different pixel active area shapes},
  journal   = {Optical Engineering},
  volume    = {39},
  number    = {4},
  pages     = {859--865},
  year      = {2000},
  doi       = {10.1117/1.602462},
  url       = {https://www.spiedigitallibrary.org/journals/optical-engineering/volume-39/issue-4/0000/Geometrical-modulation-transfer-function-for-different-pixel-active-area-shapes/10.1117/1.602462.full}
}

@article{Boain2004,
  author    = {Ronald J. Boain},
  title     = {A-B-Cs of Sun-Synchronous Orbit Mission Design},
  journal   = {Jet Propulsion Laboratory, NASA},
  year      = {2004},
  url       = {https://ntrs.nasa.gov/citations/20210001902},
  urldate   = {2025-06-09}
}


@techreport{crisp2018semi,
  title        = {A Semi-Analytical Method for Calculating Revisit Time for Satellite Constellations with Discontinuous Coverage},
  author       = {Nicholas Crisp and Sabrina Livadiotti and Peter C.E. Roberts},
  year         = {2018},
  month        = {jul},
  day          = {5},
  institution  = {Cornell University},
  type         = {WorkingPaper},
  series       = {ArXiv e-prints},
  language     = {English},
  url          = {https://research.manchester.ac.uk/en/publications/a-semi-analytical-method-for-calculating-revisit-time-for-satelli}
}

@software{crisp2020revisittime,
  author       = {Nicholas H. Crisp and Sabrina Livadiotti and Peter C. E. Roberts},
  title        = {RevisitTime: MATLAB toolkit for calculating revisit time metrics},
  version      = {1.0},
  date         = {2020-10-29},
  url          = {https://github.com/nhcrisp/RevisitTime},
  license      = {GPL-3.0},
  note         = {Accessed: 2025-06-03}
}

@techreport{zorita_snr_2023,
    author = {Zorita Gomez-Escolar, Demetrio},
    title = {SNR (Relacion SeÃ±al Ruido)},
    year = {2023},
    note = {Documento tecnico sobre celculo de SNR en instrumentos opticos espaciales}
}

@book{holst_electro_optical_2006,
    author = {Holst, Gerald C.},
    title = {Electro-Optical Imaging System Performance},
    edition = {4th},
    publisher = {JCD Publishing and SPIE Press},
    address = {Winter Park, Florida USA and Bellingham, WA},
    year = {2006},
    isbn = {0-9707749-2-3},
    volume = {PM-160}
}

@techreport{sener_seosat_2023,
    author = {{SENER Ingenieria y Sistemas S.A.}},
    title = {SEOSAT Primary Payload Instrument - Signal-to-Noise Ratio},
    number = {SEOS-TN-SEN-PP-065},
    institution = {SENER Ingenieria y Sistemas S.A.},
    address = {Getxo},
    year = {2023},
    pages = {18--38},
    note = {Revision 0, Date: 09-10-23}
}

@techreport{teledyne2012,
  title     = {H2RGâ„¢ Visible \& Infrared Focal Plane Array},
  author    = {{Teledyne Imaging Sensors}},
  institution = {Teledyne Imaging Sensors},
  year      = {2012},
  type      = {Technical Brochure},
  number    = {TSI-0855},
  address   = {Camarillo, CA},
  note      = {Cleared for Public Release by the DoD's Office of Security Review, Case 12-S-1868},
  url       = {https://panic.iaa.es/sites/default/files/H2RG_Brochure_rev6_v2_2_OSR.pdf}
}

@inproceedings{blank2012,
  title     = {H2RG Focal Plane Array and Camera Performance Update},
  author    = {Blank, Richard and Anglin, Selmer and Beletic, James W. and others},
  booktitle = {Proceedings of SPIE},
  volume    = {8453},
  year      = {2012},
  organization = {SPIE},
  address   = {Amsterdam, Netherlands},
  note      = {Performance data for H2RG arrays at various operating temperatures}
}

@inproceedings{fieque2018,
  title     = {Status of Space Activity and Science Detectors Development at SOFRADIR},
  author    = {Fieque, Bruno and Chorier, Philippe and Lamoure, Adrien and Offranc, Olivier},
  booktitle = {International Conference on Space Optics (ICSO 2018)},
  volume    = {11180},
  pages     = {1118074},
  year      = {2018},
  organization = {SPIE},
  address   = {Chania, Greece},
  month     = {October},
  note      = {Comprehensive overview of SOFRADIR detector portfolio including Saturn series},
  doi       = {10.1117/12.2536140}
}


@techreport{zorita_mtf_2023,
    author = {Zorita Gomez-Escolar, Demetrio},
    title = {MTF (Modulation Transfer Function)},
    year = {2023},
    note = {Documento tecnico sobre MTF en instrumentos opticos espaciales}
}

@techreport{zorita_dimensiones_2023,
    author = {Zorita Gomez-Escolar, Demetrio},
    title = {Dimensionamiento del instrumento - Volumen y peso},
    year = {2023},
    note = {Documento tecnico sobre escalacion de dimensiones de instrumentos espaciales}
}

@manual{design_workshop_optical_2023,
    title = {Design Workshop of an Optical Earth Observation Instrument},
    organization = {Universidad},
    year = {2023},
    note = {Material didectico para el diseÃ±o de instrumentos opticos de observacion terrestre}
}

@datasheet{teledyne_chroma_d18_2023,
    author = {{Teledyne e2v}},
    title = {CHROMA-D18 SWIR HgCdTe Infrared Detector},
    organization = {Teledyne e2v Space Imaging},
    year = {2023},
    month = {September},
    version = {v1/DM/IS},
    note = {Product datasheet}
}

@datasheet{sofradir_saturn_visir_2011,
    author = {{Sofradir-EC}},
    title = {Saturn VISIR - Very Large, High Performance IR Detectors for Visible and Short Wave Infrared Imaging 1000x256 HgCdTe SWIR (30um Pitch)},
    organization = {Sofradir-EC},
    address = {Fairfield, NJ, USA},
    year = {2011},
    edition = {09-11 rev10},
    note = {Product datasheet}
}

@datasheet{cypress_star250_2009,
    author = {{Cypress Semiconductor Corporation}},
    title = {CYIS1SM0250-AA STAR250 - 250K Pixel Radiation Hard CMOS Image Sensor},
    number = {38-05713},
    organization = {Cypress Semiconductor Corporation},
    year = {2009},
    revision = {*C},
    note = {Product datasheet}
}

@article{crisp_semi_analytical_2018,
    author = {Crisp, Nicholas H. and Livadiotti, Sabrina and Roberts, Peter C. E.},
    title = {A Semi-Analytical Method for Calculating Revisit Time for Satellite Constellations with Discontinuous Coverage},
    journal = {arXiv preprint},
    year = {2018},
    volume = {arXiv:1807.02021},
    month = {July},
    pages = {10},
    url = {https://arxiv.org/abs/1807.02021},
    doi = {10.48550/arXiv.1807.02021},
}

@techreport{teledyne_hawaii2rg,
  author       = {{Teledyne Imaging Sensors}},
  title        = {HAWAIIâ€‘2RGâ„¢ Visible and Infrared Focal Plane Array},
  institution  = {Teledyne Imaging Sensors},
  type         = {Datasheet / Technical Report},
  year         = {2022},
  note         = {Publicado por Teledyne Imaging Sensors; 2048x2048 pixeles, 18 um, HgCdTe IR y tecnologia HyViSI visible, compatible con el ASIC SIDECARâ„¢},
  url          = {https://www.teledyneimaging.com/en/aerospace-and-defense/products/sensors-overview/infrared-hgcdte-mct/hawaii-2rg/},
  urldate      = {2025-06-13},
}



@online{sofradir_ir_contract,
  author       = {{Vision Systems Design}},
  title        = {Sofradir signs infrared detector contract},
  year         = {2011},
  month        = oct,
  day          = {10},
  url          = {https://www.vision-systems.com/cameras-accessories/article/16747004/sofradir-signs-infrared-detector-contract},
  organization = {Vision Systems Design},
  note         = {Accedido el 13 de junio de 2025. Sofradir recibio un contrato multimillonario para proveer matrices de plano focal IR de alta resolucion para la constelacion militar MUSIS/CSO, reemplazando los satelites Helios II},
}

@techreport{infineon_star250,
  author       = {{Infineon Technologies / Cypress Semiconductor}},
  title        = {STARâ€‘250: 250 Kâ€‘pixel Radiationâ€‘Hard CMOS Image Sensor},
  institution  = {Infineon / Cypress},
  type         = {Datasheet / Technical Report},
  year         = {2009},
  url          = {https://www.mouser.es/ProductDetail/Infineon-Cypress/STAR-250?qs=eg8mrW3YyI7j4uRE32sOuA%3D%3D},
  urldate      = {2025-06-13},
}

@misc{lynred_capyork,
  author       = {{LYNRED}},
  title        = {{CAPYORK 1200x12: High Performance Infrared Detector for Earth Observation Applications}},
  year         = {2022},
  howpublished = {\url{https://lynred.com/products/capyork-1200x12}},
  note         = {Ficha tecnica del detector IR CAPYORK de 1200x12 pixeles. DiseÃ±ado para satelites de observacion terrestre.},
  url          = {https://lynred.com/products/capyork-1200x12},
}

@unpublished{lou2020sar,
  author       = {Yunling Lou},
  title        = {Synthetic Aperture Radar for STV Overview},
  note         = {Presentacion en el Radar Breakout Workshop, STV Incubation Study},
  year         = {2020},
  month        = sep,
  institution  = {Jet Propulsion Laboratory, California Institute of Technology},
  url          = {https://science.nasa.gov/wp-content/uploads/2023/05/STVRadarBreakout.pdf}
}

@online{osullivan2023removing,
  author       = {Conor O'Sullivan},
  title        = {Removing Clouds from Landsat Satellite Images with Python},
  year         = {2023},
  month        = may,
  url          = {https://medium.com/data-science/removing-clouds-from-landsat-satellite-images-with-python-246e73494bc},
  note         = {Publicado en TDS Archive, Medium},
  urldate      = {2025-06-05}
}

%% Analisis Mision

@techreport{calpoly2022cubesat,
  title        = {CubeSat Design Specification (1Uâ€“12U), Revision 14.1},
  author       = {The CubeSat Program, Cal Poly SLO},
  institution  = {California Polytechnic State University, San Luis Obispo},
  year         = {2022},
  month        = {feb},
  number       = {CP-CDS-R14.1},
  url          = {https://www.nasa.gov/wp-content/uploads/2018/01/cubesatdesignspecificationrev14_12022-02-09.pdf},
  note         = {Public Domain}
}

@book{wertz1999smad,
  title        = {Space Mission Analysis and Design},
  editor       = {Wertz, James R. and Larson, Wiley J.},
  edition      = {3rd},
  year         = {1999},
  publisher    = {Microcosm Press and Kluwer Academic Publishers},
  address      = {El Segundo, CA and Dordrecht, The Netherlands},
  series       = {Space Technology Library},
  isbn         = {978-1881883104}
}

@online{aerospacelab_hydrazine_thrusters,
  author       = {{Aerospace Propulsion Products B.V.}},
  title        = {Hydrazine Thrusters},
  year         = {2021},
  url          = {https://www.space-propulsion.com/brochures/hydrazine-thrusters/hydrazine-thrusters.pdf},
  note         = {Accessed: 2025-06-10},
  organization = {Airbus Safran Launchers},
}

@online{endurosat_xband_2025,
title = {Transmisor X-Band},
author = {{EnduroSat}},
year = {2025},
url = {https://www.endurosat.com/products/x-band-transmitter/},
note = {Transmisor X-Band para CubeSats y SmallSats, velocidad mexima de 150 Mbps, frecuencia 8.025â€“8.4 GHz, compatible con DVB-S2. Consultado el 10 de junio de 2025.},
langid = {spanish}
}

@online{satcatalog:gmat1,
  organization = {Michigan Aerospace Manufacturers Association},
  title        = {GMAT-1},
  url          = {https://www.satcatalog.com/component/gmat-1/},
  urldate      = {2025-06-16},
  publisher    = {{The Satellite Catalog}},
  note         = {Ficha de producto para el magnetorquer GMAT-1}
}

@online{nanosats:freq_chart_2025,
  organization = {{Nanosats Database}},
  title        = {Nanosats Frequency},
  date         = {2025-04-30},
  url          = {https://www.nanosats.eu/img/fig/Nanosats_frequency_black_2025-04-30.png},
  urldate      = {2025-06-16},
  note         = {Diagrama de las bandas de frecuencia utilizadas por nanosatelites. La fecha se infiere del nombre del archivo.}
}

@techreport{nasa_deorbit_systems_2025,
  title = {Deorbit Systems},
  author = {{NASA}},
  institution = {NASA Small Satellite Technology State of the Art Institute},
  type = {Technical Report},
  chapter = {13},
  url = {https://www.nasa.gov/smallsat-institute/sst-soa/deorbit-systems/},
  urldate = {2025-06-16},
  year = {2025}
}


@article{guzman2025thermal,
  author    = {Guzmen, J. and Fernendez, L. and alvarez, D. and Martin, R. and Garcia, M.},
  title     = {Design and manufacture of CubeSat-type nanosatellite thermal control subsystem for educational and research purposes},
  journal   = {Scientific Reports},
  year      = {2025},
  volume    = {15},
  number    = {1},
  pages     = {12345},
  doi       = {10.1038/s41598-025-86688-3},
  url       = {https://www.nature.com/articles/s41598-025-86688-3}
}

@online{ECAPS_100mN_HPGP,
  author       = {{ECAPS AB}},
  title        = {{ECAPS 100 mN HPGP Thruster}},
  date         = {2025-03-18},
  url          = {https://satsearch.co/products/ecaps-100-m-n-hpgp-thruster},
  urldate      = {2025-06-15},
  organization = {satsearch},
}

@techreport{usstandardatmosphere1976,
  title        = {{U.S. Standard Atmosphere, 1976}},
  institution  = {{National Oceanic and Atmospheric Administration, National Aeronautics and Space Administration, U.S. Air Force}},
  year         = {1976},
  month        = {oct},
  number       = {NOAA-S/T-76-1562, NASA-TM-X-74335},
  type         = {Technical Memorandum},
  url          = {https://ntrs.nasa.gov/citations/19770009539},
  note         = {Accession Number: 77N16482}
}

@article{cook1965satellite,
  title={Satellite drag coefficients},
  author={Cook, G. E.},
  journal={Planetary and Space Science},
  volume={13},
  number={10},
  pages={929--946},
  year={1965},
  publisher={Pergamon Press},
  doi={10.1016/0032-0633(65)90150-9},
 }
@book{vallado2013fundamentals,
  title={Fundamentals of Astrodynamics and Applications},
  author={Vallado, David A. and McClain, Wayne D.},
  edition={4},
  series={Space Technology Library},
  number={21},
  publisher={Microcosm Press},
  address={Hawthorne, California},
  year={2013},
  isbn={978-1-881883-18-0},
  note={Texto de referencia estandar para mecanica orbital y astrodinamica, con tratamiento detallado del arrastre atmosferico y sus efectos en elementos orbitales}
}

@book{curtis2020orbital,
  title     = {Orbital Mechanics for Engineering Students},
  author    = {Curtis, Howard D.},
  edition   = {4},
  publisher = {Elsevier},
  address   = {Amsterdam},
  year      = {2020},
  isbn      = {978-0-08-102133-0},
  note      = {Incluye capitulos detallados sobre transferencia de Hohmann y la ecuacion de Tsiolkovsky}
}

@online{nasa2025power,
  title={3.0 Power - NASA SmallSat Institute},
  author={{NASA}},
  year={2025},
  month={February},
  url={https://www.nasa.gov/smallsat-institute/sst-soa/power-subsystems/},
  note={While Rosetta's solar cells achieved around 20\% efficiency, the latest GaAs triple-junction cells reach around 30\%}
}

@online{kulu2025nanosats,
  author = {Erik Kulu},
  title = {Nanosats Database},
  url = {https://www.nanosats.eu},
  urldate = {2025-06-16},
  year = {2025},
  note = {Database tracking CubeSats, pico- and nanosatellites since 2014. Over 4248 entries encompass 2714 launched nanosatellites as of 2024}
}

@manual{hiansa2022panel,
  author = {{HIANSA}},
  title = {Panel Cub 3GR-Slimsun - Ficha Tecnica},
  year = {2022},
  month = {October},
  organization = {HIANSA},
  url = {https://www.hiansa.com/wp-content/uploads/2022/10/HIANSA-Panel-Cub-3GR-Slimsun.pdf},
  note = {Lamina solar flexible de solo 3 kg/mÂ² de peso. Potencia nominal 165 W, ancho panel solar flexible 358 mm, espesor panel solar flexible 2.00 mm}
}

@online{sunket2025lithium,
  author = {{Sunket Power}},
  title = {Ultra-detailed Lithium Battery Knowledge},
  year = {2025},
  url = {https://sunketpower.com/es/ultra-detailed-lithium-battery-knowledge/},
  note = {Densidad energetica de baterias de litio: 200-260 Wh/kg comparado con 50-70 Wh/kg para baterias de plomo-acido}
}


@online{isisobc,
  author = {{ISISPACE}},
  title = {ISISPACE On-Board Computer (IOBC)},
  url = {https://www.isispace.nl/product/isispace-iobc/},
  urldate = {2025-06-16},
  year = {2025},
  organization = {Innovative Solutions In Space B.V.},
  note = {Flight-proven, high-performance processing unit based around 400 MHz ARM9 processor. Mass: 94g mainboard only, 100g with EM daughter board. Power consumption: 400mW average}
}

@inproceedings{tsinas2001efficient,
  title={Efficient Satellite Structural Design Optimised for Volume Production},
  author={Tsinas, Angelos and Welch, Christopher},
  booktitle={15th Annual USU Conference on Small Satellites},
  pages={SSC01-IV-5},
  year={2001},
  organization={Utah State University},
  note={The prospect of new materials and technology can offer reductions in the overall structural mass of satellites in the region of 15-20\% which in turn can lead to significant overall mass savings and reduced launched costs}
}


@manual{smad2002spacecraft,
  title={Spacecraft Subsystems Iâ€”Propulsion},
  author={{Space Mission Engineering and Design}},
  organization={Space Technology Library},
  year={2002},
  chapter={18},
  note={For tanks of hydrazine, the relation mass of the tank respect to the combustible is approximately 0.05 kg per kilogram of propellant}
}


@online{nasa2025thermal,
  title={7.0 Thermal Control - NASA SmallSat Institute},
  author={{NASA}},
  year={2025},
  month={February},
  url={https://www.nasa.gov/smallsat-institute/sst-soa/thermal-control/},
  note={Multi-layer insulation (MLI) and thermal control coatings for spacecraft thermal management}
}


%% Lanzadores

@online{spacex2022,
  title = {SmallSat Rideshare Program},
  author = {SpaceX},
  url = {https://www.spacex.com/rideshare/},
  year = {2022},
  urldate = {2025-06-14}
}

@online{esa2024,
  title = {Vega return to flight proves new rideshare service},
  author = {European Space Agency},
  url = {https://www.esa.int/Enabling_Support/Space_Transportation/Vega/Vega_return_to_flight_proves_new_rideshare_service},
  year = {2024},
  urldate = {2025-06-14}
}

@online{lionnet2025,
  title = {Space Launch Services Prices},
  author = {Pierre Lionnet},
  url = {https://www.linkedin.com/pulse/space-launch-services-prices-pierre-lionnet-bvhbe},
  year = {2025},
  urldate = {2025-06-14}
}

@online{satellitetoday2024,
  title = {5 Years of SpaceX Rideshare Missions: The Spoils of Monopoly},
  author = {Satellite Today},
  url = {https://interactive.satellitetoday.com/via/september-2024/5-years-of-spacex-rideshare-missions-the-spoils-of-monopoly},
  year = {2024},
  urldate = {2025-06-14}
}

@online{payloadspace2023,
  title = {SpaceX Increases Rideshare Prices},
  author = {Payload Space},
  url = {https://payloadspace.com/spacex-increases-rideshare-prices/},
  year = {2023},
  urldate = {2025-06-14}
}

@online{wikipedia2024,
  title = {Falcon 9},
  author = {Wikipedia},
  url = {https://en.wikipedia.org/wiki/Falcon_9},
  year = {2024},
  urldate = {2025-06-14}
}

@online{spaceinsider2023,
  title = {How Much Does It Cost to Launch a Rocket?},
  author = {Space Insider},
  url = {https://spaceinsider.tech/2023/08/16/how-much-does-it-cost-to-launch-a-rocket/},
  year = {2023},
  urldate = {2025-06-14}
}

@article{semanticscholar2023,
  title = {Launch Vehicle High-Energy Performance Dataset},
  author = {Semantic Scholar},
  url = {https://www.semanticscholar.org/paper/606321dd750ed69e19fc445c1e24c013e4d1ce25},
  year = {2023},
  urldate = {2025-06-14}
}

@online{fireflyspace2024,
  title = {Alpha Launch Vehicle},
  author = {{Firefly Aerospace}},
  url = {https://fireflyspace.com/alpha/},
  year = {2024},
  urldate = {2025-06-15}
}

@online{fireflyspace2024pug,
  title = {Payload User's Guide - Alpha Launch Vehicle},
  author = {{Firefly Aerospace}},
  url = {https://fireflyspace.com/wp-content/uploads/2025/02/Alpha-PUG-5.1_2.pdf},
  year = {2024},
  urldate = {2025-06-15}
}

@online{space2025,
  title = {Firefly Aerospace's Alpha rocket fails during launch, falls into the sea near Antarctica},
  author = {{Space.com}},
  url = {https://www.space.com/space-exploration/launches-spacecraft/firefly-aerospaces-alpha-rocket-fails-during-6th-ever-launch-falls-into-the-sea-near-antarctica},
  year = {2025},
  month = {4},
  day = {29},
  urldate = {2025-06-15}
}

@online{flyingmag2025,
  title = {Firefly Alpha Rocket Grounded After In-Flight Anomaly},
  author = {{Flying Magazine}},
  url = {https://www.flyingmag.com/firefly-alpha-rocket-grounded-after-in-flight-anomaly/},
  year = {2025},
  month = {4},
  day = {30},
  urldate = {2025-06-15}
}

@online{newspace2025,
  title = {Firefly - Launcher - NewSpace Index},
  author = {{NewSpace Index}},
  url = {https://www.newspace.im/launchers/firefly},
  year = {2025},
  month = {5},
  day = {3},
  urldate = {2025-06-15}
}

@online{nasaspaceflight2023,
  title = {Firefly's Alpha successfully launches VICTUS NOX rapid response mission},
  author = {{NASASpaceflight}},
  url = {https://www.nasaspaceflight.com/2023/09/firefly-victus-nox/},
  year = {2023},
  month = {9},
  day = {15},
  urldate = {2025-06-15}
}

@online{fireflyspace2024noise,
  title = {Alpha FLTA005 Noise of Summer},
  author = {{Firefly Aerospace}},
  url = {https://fireflyspace.com/missions/noise-of-summer/},
  year = {2024},
  month = {7},
  urldate = {2025-06-15}
}


@online{arianespace2024,
  title = {Vega C: the lightweight, high-performance launcher by Arianespace},
  author = {Arianespace},
  url = {https://www.arianespace.com/vega-c/},
  year = {2024},
  urldate = {2025-06-14}
}

@online{satobs2024,
  title = {What Are Some Of The Ground Facilities In Use Today?},
  author = {SatObs.org},
  url = {http://www.satobs.org/faq/Chapter-09.txt},
  year = {2024},
  urldate = {2025-06-14}
}

@article{mdpi2024,
  title = {Seasonal Variations in Lunar-Assisted GEO Transfer Capability for Southward Launch},
  author = {MDPI},
  journal = {Aerospace},
  volume = {11},
  number = {4},
  pages = {321},
  year = {2024},
  url = {https://www.mdpi.com/2226-4310/11/4/321}
}

@online{stackexchange2022,
  title = {Why does a launch due south not translate into a polar orbit from Vandenberg?},
  author = {Space Stack Exchange},
  url = {https://space.stackexchange.com/questions/58565/why-does-a-launch-due-south-180-azimuth-not-translate-into-a-polar-orbit-from},
  year = {2022},
  urldate = {2025-06-14}
}

@report{dtic2024,
  title = {Exploiting Northern Latitudes For Efficient Space Launch},
  author = {DTIC},
  institution = {Defense Technical Information Center},
  url = {https://apps.dtic.mil/sti/tr/pdf/AD1003726.pdf},
  year = {2024},
  urldate = {2025-06-14}
}



@lecture{karabeyoglu2018lecture7,
  author       = {Arif Karabeyoglu},
  title        = {Lecture 7: Launch Trajectories},
  subtitle     = {AA 284a Advanced Rocket Propulsion},
  eventtitle   = {AA 284a: Advanced Rocket Propulsion},
  institution  = {Stanford University},
  date         = {2019-10},
  note         = {Also affiliated with Mechanical Engineering, KOC University},
}

@online{SFNow_Transporter9_2023,
  author       = {Spaceflight Now},
  title        = {Live Coverage: SpaceX to Launch 90 Payloads on Transporterâ€‘9 Falcon 9 Mission from Vandenberg},
  date         = {2023-11-11},
  url          = {https://spaceflightnow.com/2023/11/11/live-coverage-spacex-to-launch-90-payloads-on-transporter-9-falcon-9-mission-from-vandenberg/},
  urldate      = {2025-06-14},
  institution  = {Spaceflight Now},
}


%% Segmento Tierra

@misc{ASF2025_NSN,
  author       = {{Alaska Satellite Facility (ASF)}},
  title        = {{ASFâ€“NASA Near Space Network (NSN) Satellite Tracking Stations}},
  howpublished = {Web page},
  year         = {2025},
  url          = {https://asf.alaska.edu/asf-satellite-tracking-stations/#ASF-NASA-NSN},
  note         = {Consultado el 14 de junio de 2025},
}

@misc{noaa_fairbanks_2023,
  title = {Fairbanks Command and Data Acquisition Station},
  author = {{NOAA Office of Satellite and Product Operations}},
  year = {2023},
  url = {https://www.ospo.noaa.gov/assets/pdf/Fairbanks_Ground_Station.pdf},
  note = {Accessed: 2025}
}

@misc{noaa_wallops_2019,
  title = {NOAA Wallops CDA Station GOES Data Collection System},
  author = {{NOAA Satellite and Information Service}},
  year = {2019},
  url = {https://noaasis.noaa.gov/pdf/docs/TWG2019/0930\%20Wallops\%20Update.pdf},
  note = {Technical Working Group Presentation}
}

@misc{eumetsat_ground_segment_2025,
  title = {Ground Segment Infrastructure},
  author = {{EUMETSAT}},
  year = {2025},
  url = {https://www.eumetsat.int/ground-segment},
  note = {Last updated: 28 February 2025}
}


@article{rain_attenuation_xband_2012,
  title = {A Study on the Effects of Rain Attenuation for an X-Band Satellite},
  journal = {Progress in Electromagnetics Research},
  year = {2012},
  url = {https://www.jpier.org/issues/volume.html?paper=12083108},
  urldate = {2025-06-14},
  note = {Estudio sobre atenuacion por lluvia en enlaces satelitales de banda X}
}

@online{climate_data_fairbanks,
  title = {Clima Fairbanks: Temperatura, Climograma y Tabla climatica},
  author = {{Climate-Data.org}},
  url = {https://es.climate-data.org/america-del-norte/estados-unidos-de-america/alaska/fairbanks-1403/},
  urldate = {2025-06-14},
  note = {Datos historicos del clima de Fairbanks con tablas climaticas}
}

@inproceedings{altunc_xband_cubesat_2016,
  title = {X-band CubeSat Communication System Demonstration},
  author = {Altunc, S.},
  booktitle = {29th Annual AIAA/USU Conference on Small Satellites},
  year = {2016},
  organization = {NASA},
  url = {https://s3vi.ndc.nasa.gov/ssri-kb/static/resources/20160001365.pdf},
  urldate = {2025-06-14},
  note = {Analysis of elevation angle effects on X-band communication performance}
}

@misc{satellite_coordinates_look_angles,
  title = {Satellite Coordinates and Look Angles - System Model},
  author = {{Benha University}},
  school = {Faculty of Engineering},
  url = {https://www.bu.edu.eg/portal/uploads/Engineering,%20Shoubra/Electrical%20Engineering/2460/crs-13718/Files/Adv.Com.Sys_Lect_05%20Satellite%20Coordinates%20and%20Look%20Angles.pdf},
  urldate = {2025-06-14},
  note = {Analysis of signal deterioration with elevation angles and atmospheric losses}
}

@online{cia_worldfactbook_usa_area,
  title = {Geography of the United States},
  author = {{Wikipedia}},
  year = {2025},
  url = {https://en.wikipedia.org/wiki/Geography_of_the_United_States},
  urldate = {2025-06-14},
  note = {CIA World Factbook: 9,826,675 kmÂ² (3,794,100 sq mi) total area}
}
